<record><leader>00000cas a22000007a 4500</leader><controlfield tag="001">10084117</controlfield><controlfield tag="008">831102d18791879pauwr ne      0   a0eng d</controlfield><datafield ind1=" " ind2=" " tag="010"><subfield code="a">sn 83025936 </subfield></datafield><datafield ind1=" " ind2=" " tag="040"><subfield code="a">NPV</subfield><subfield code="b">eng</subfield><subfield code="c">NPV</subfield><subfield code="d">NPH</subfield><subfield code="d">DLC</subfield><subfield code="d">OCLCF</subfield><subfield code="d">OCLCO</subfield></datafield><datafield ind1=" " ind2=" " tag="042"><subfield code="a">msc</subfield></datafield><datafield ind1=" " ind2=" " tag="043"><subfield code="a">n-us-pa</subfield></datafield><datafield ind1=" " ind2=" " tag="045"><subfield code="a">w7w7</subfield></datafield><datafield ind1=" " ind2=" " tag="052"><subfield code="a">3824</subfield><subfield code="b">P5</subfield></datafield><datafield ind1="0" ind2="0" tag="245"><subfield code="a">Rag baby.</subfield></datafield><datafield ind1=" " ind2=" " tag="260"><subfield code="a">Philadelphia, Pa. :</subfield><subfield code="b">J.G. Mills, F. Higel,</subfield><subfield code="c">1879-</subfield></datafield><datafield ind1=" " ind2=" " tag="300"><subfield code="a">v. ;</subfield><subfield code="c">53 cm.</subfield></datafield><datafield ind1=" " ind2=" " tag="310"><subfield code="a">Weekly</subfield></datafield><datafield ind1="0" ind2=" " tag="362"><subfield code="a">Vol. 1, no. 1 (Aug. 16, 1879)-</subfield></datafield><datafield ind1="1" ind2=" " tag="362"><subfield code="a">Ceased with Nov. 13, 1879 issue?</subfield><subfield code="z">Cf. Rossell, G.E. Pa. newspapers.</subfield></datafield><datafield ind1=" " ind2=" " tag="500"><subfield code="a">"A Greenback campaign weekly."</subfield></datafield><datafield ind1="2" ind2="0" tag="610"><subfield code="a">Greenback Labor Party (U.S.)</subfield></datafield><datafield ind1="2" ind2="7" tag="610"><subfield code="a">Greenback Labor Party (U.S.)</subfield><subfield code="2">fast</subfield><subfield code="0">(OCoLC)fst00690833</subfield></datafield><datafield ind1="1" ind2=" " tag="700"><subfield code="a">Mills, John G.</subfield></datafield><datafield ind1="1" ind2=" " tag="700"><subfield code="a">Higel, Frank.</subfield></datafield><datafield ind1=" " ind2=" " tag="752"><subfield code="a">United States</subfield><subfield code="b">Pennsylvania</subfield><subfield code="c">Philadelphia</subfield><subfield code="d">Philadelphia.</subfield></datafield></record>